@article{baker1986solution,
  title={Solution improvement heuristics for the vehicle routing and scheduling problem with time window constraints},
  author={Baker, Edward K and Schaffer, Joanne R},
  journal={American Journal of Mathematical and Management Sciences},
  volume={6},
  number={3-4},
  pages={261--300},
  year={1986},
  publisher={Taylor \& Francis}
}

@article{barbarosoglu1999tabu,
  title={A tabu search algorithm for the vehicle routing problem},
  author={Barbarosoglu, Gulay and Ozgur, Demet},
  journal={Computers \& Operations Research},
  volume={26},
  number={3},
  pages={255--270},
  year={1999},
  publisher={Elsevier}
}

@article{brandao2006new,
  title={A new tabu search algorithm for the vehicle routing problem with backhauls},
  author={Brandao, Jos{\'e}},
  journal={European Journal of Operational Research},
  volume={173},
  number={2},
  pages={540--555},
  year={2006},
  publisher={Elsevier}
}

@article{cerrone2022vrp,
  title={VRP in urban areas to optimize costs while mitigating environmental impact},
  author={Cerrone, Carmine and Sciomachen, Anna},
  journal={Soft Computing},
  volume={26},
  number={19},
  pages={10223--10237},
  year={2022},
  publisher={Springer}
}