@article{scott2014origin,
  title={On the origin of the Fibonacci Sequence},
  author={Scott, Tony C and Marketos, Pan},
  journal={MacTutor History of Mathematics},
  volume={23},
  year={2014}
}

@Book{Sigler:2002:FLA,
  author =       "L. E. (Laurence E.) Sigler",
  title =        "{Fibonacci}'s Liber Abaci: {A} Translation into Modern
                 {English} of {Leonardo Pisano}'s {Book of Calculation}",
  publisher =    pub-SV,
  address =      pub-SV:adr,
  pages =        "viii + 636",
  year =         "2002",
  ISBN =         "0-387-95419-8",
  LCCN =         "QA32 .F4713 2002",
  bibdate =      "Tue Jun 10 11:44:26 2003",
  price =        "US\$99.00",
  series =       "Sources and studies in the history of mathematics and
                 physical sciences",
  acknowledgement = ack-nhfb,
  annote =       "First English of the original Latin, 800 years later.
                 This book introduced to Europe the Hindu numerals 0
                 through 9, the word zero, the notion of an algorithm
                 (named after the Persian scholar Abu 'Abd Allah
                 Muhammad ibn Musa al-Khwarizmi (ca. 780--850)), and the
                 subject of algebra, which comes from the title of
                 al-Khwarizmi's book, {\em Hisab Al-Jabr wal Mugabalah}
                 ({\em Book of Calculations, Restoration and
                 Reduction\/}).",
}

@article{klar2002plant,
  title={Plant mathematics: Fibonacci's flowers},
  author={Klar, Amar JS},
  journal={Nature},
  volume={417},
  number={6889},
  pages={595--595},
  year={2002},
  publisher={Nature Publishing Group}
}

@article{minarova2014fibonacci,
  title={The fibonacci sequence: Natureâ€™s little secret},
  author={Minarova, Nikoletta and others},
  journal={CRIS-Bulletin of the Centre for Research and Interdisciplinary Study},
  volume={2014},
  number={1},
  pages={7--17},
  year={2014},
  publisher={Sciendo}
}

@article{karaduman2004application,
  title={An application of Fibonacci numbers in matrices},
  author={Karaduman, Erdal},
  journal={Applied Mathematics and Computation},
  volume={147},
  number={3},
  pages={903--908},
  year={2004},
  publisher={Elsevier}
}

@inproceedings{zou2004generalized,
  title={The generalized Fibonacci transformations and application to image scrambling},
  author={Zou, Jiancheng and Ward, Rabab K and Qi, Dongxu},
  booktitle={2004 IEEE International Conference on Acoustics, Speech, and Signal Processing},
  volume={3},
  pages={iii--385},
  year={2004},
  organization={IEEE}
}

@article{sinha2017fibonacci,
  title={The Fibonacci numbers and its amazing applications},
  author={Sinha, Sudipta},
  journal={International Journal of Engineering Science Invention},
  volume={6},
  number={9},
  pages={7--14},
  year={2017}
}

@article{matsumoto1998mersenne,
  title={Mersenne twister: a 623-dimensionally equidistributed uniform pseudo-random number generator},
  author={Matsumoto, Makoto and Nishimura, Takuji},
  journal={ACM Transactions on Modeling and Computer Simulation (TOMACS)},
  volume={8},
  number={1},
  pages={3--30},
  year={1998},
  publisher={ACM New York, NY, USA}
}

@article{muralidharan2018analysis,
  title={Analysis and prediction of real estate prices: A case of the Boston housing market},
  author={Muralidharan, Sharmila and Phiri, Katrina and Sinha, Sonal K and Kim, Ben},
  journal={Issues in Information Systems},
  volume={19},
  number={2},
  pages={109--118},
  year={2018}
}